<record><leader>00000cas a2200000 a 4500</leader><controlfield tag="001">12948178</controlfield><controlfield tag="008">851221d18621863iauwr ne      0    0eng c</controlfield><datafield ind1=" " ind2=" " tag="010"><subfield code="a">sn 85049913 </subfield></datafield><datafield ind1=" " ind2=" " tag="040"><subfield code="a">INP</subfield><subfield code="b">eng</subfield><subfield code="c">INP</subfield><subfield code="d">CUI</subfield><subfield code="d">OCLCQ</subfield><subfield code="d">OCLCF</subfield></datafield><datafield ind1=" " ind2=" " tag="042"><subfield code="a">pcc</subfield></datafield><datafield ind1=" " ind2=" " tag="043"><subfield code="a">n-us-ia</subfield></datafield><datafield ind1=" " ind2="4" tag="050"><subfield code="a">AN</subfield></datafield><datafield ind1="0" ind2=" " tag="130"><subfield code="a">Burlington weekly argus (Burlington, Iowa : 1862)</subfield></datafield><datafield ind1="1" ind2="0" tag="245"><subfield code="a">Burlington weekly argus.</subfield></datafield><datafield ind1="3" ind2=" " tag="246"><subfield code="a">Weekly argus</subfield></datafield><datafield ind1=" " ind2=" " tag="260"><subfield code="a">Burlington, Iowa :</subfield><subfield code="b">Todd &amp; Bentley,</subfield><subfield code="c">1862-1863.</subfield></datafield><datafield ind1=" " ind2=" " tag="300"><subfield code="a">2 v. ;</subfield><subfield code="c">48-59 cm.</subfield></datafield><datafield ind1=" " ind2=" " tag="310"><subfield code="a">Weekly</subfield></datafield><datafield ind1="0" ind2=" " tag="362"><subfield code="a">Vol. 1, no. 1 (May 24, 1862)-v. 2, no. 33 (Dec. 31, 1863).</subfield></datafield><datafield ind1=" " ind2="0" tag="651"><subfield code="a">Burlington (Iowa)</subfield><subfield code="v">Newspapers.</subfield></datafield><datafield ind1=" " ind2="0" tag="651"><subfield code="a">Des Moines County (Iowa)</subfield><subfield code="v">Newspapers.</subfield></datafield><datafield ind1=" " ind2="7" tag="655"><subfield code="a">Newspapers.</subfield><subfield code="2">fast</subfield><subfield code="0">(OCoLC)fst01423814</subfield></datafield><datafield ind1=" " ind2="7" tag="651"><subfield code="a">Iowa</subfield><subfield code="z">Burlington.</subfield><subfield code="2">fast</subfield><subfield code="0">(OCoLC)fst01216205</subfield></datafield><datafield ind1=" " ind2="7" tag="651"><subfield code="a">Iowa</subfield><subfield code="z">Des Moines County.</subfield><subfield code="2">fast</subfield><subfield code="0">(OCoLC)fst01213454</subfield></datafield><datafield ind1=" " ind2=" " tag="752"><subfield code="a">United States</subfield><subfield code="b">Iowa</subfield><subfield code="c">Des Moines</subfield><subfield code="d">Burlington.</subfield></datafield><datafield ind1="0" ind2=" " tag="775"><subfield code="t">Burlington daily argus</subfield></datafield><datafield ind1="0" ind2="0" tag="780"><subfield code="t">Weekly Iowa State gazette</subfield><subfield code="w">(DLC)sn 82014322</subfield><subfield code="w">(OCoLC)2252695</subfield></datafield><datafield ind1="0" ind2="0" tag="785"><subfield code="t">Argus (Burlington, Iowa)</subfield><subfield code="w">(DLC)sn 85049900</subfield><subfield code="w">(OCoLC)12948180</subfield></datafield></record>